@article{djikstra1959note,
  title={A note on two problems in connection with graphs},
  author={Djikstra, EW},
  journal={Numerische Mathematik},
  volume={1},
  pages={269--271},
  year={(1959)}
}
@article{fredman1987fibonacci,
  title={Fibonacci heaps and their uses in improved network optimization algorithms},
  author={Fredman, Michael L and Tarjan, Robert Endre},
  journal={Journal of the ACM (JACM)},
  volume={34},
  number={3},
  pages={596--615},
  year={(1987)},
  publisher={ACM}
}